%% This BibTeX bibliography file was created using BibDesk.
%% http://bibdesk.sourceforge.net/


%% Created for Cole Franks at 2021-01-26 12:20:46 -0500 


%% Saved with string encoding Unicode (UTF-8) 



@article{hayden2006aspects,
	author = {Hayden, Patrick and Leung, Debbie W and Winter, Andreas},
	date-added = {2021-01-26 12:20:28 -0500},
	date-modified = {2021-01-26 12:20:28 -0500},
	journal = {Communications in mathematical physics},
	number = {1},
	pages = {95--117},
	publisher = {Springer},
	title = {Aspects of generic entanglement},
	volume = {265},
	year = {2006}}

@article{GGOW19,
	author = {Garg, Ankit and Gurvits, Leonid and Oliveira, Rafael and Wigderson, Avi},
	journal = {Foundations of Computational Mathematics},
	pages = {1--68},
	publisher = {Springer},
	title = {Operator scaling: theory and applications},
	year = {2019}}

@book{W19,
	author = {Wainwright, Martin J},
	date-added = {2020-06-02 15:40:19 -0400},
	date-modified = {2020-06-02 15:40:28 -0400},
	publisher = {Cambridge University Press},
	title = {High-dimensional statistics: A non-asymptotic viewpoint},
	volume = {48},
	year = {2019}}

@article{H07,
	author = {Hastings, MB},
	date-added = {2020-06-02 11:06:21 -0400},
	date-modified = {2020-06-02 11:06:35 -0400},
	journal = {Physical Review A},
	number = {3},
	pages = {032315},
	publisher = {APS},
	title = {Random unitaries give quantum expanders},
	volume = {76},
	year = {2007}}

@article{FM20,
	author = {Franks, Cole and Moitra, Ankur},
	journal = {arXiv preprint arXiv:2002.00071},
	title = {Rigorous Guarantees for Tyler's M-estimator via quantum expansion},
	year = {2020}}

@inproceedings{KLR19,
	author = {Kwok, Tsz Chiu and Lau, Lap Chi and Ramachandran, Akshay},
	booktitle = {2019 IEEE 60th Annual Symposium on Foundations of Computer Science (FOCS)},
	organization = {IEEE},
	pages = {1184--1204},
	title = {Spectral Analysis of Matrix Scaling and Operator Scaling},
	year = {2019}}

@article{P14,
	author = {Pisier, Gilles},
	journal = {Journal of the European Mathematical Society},
	number = {6},
	pages = {1183--1219},
	publisher = {European Mathematical Society Publishing House},
	title = {Quantum expanders and geometry of operator spaces},
	volume = {16},
	year = {2014}}

@article{P86,
	author = {Pisier, Gilles},
	journal = {Letta G., Pratelli M. (eds) Probability and Analysis},
	publisher = {Springer},
	title = {Probabilistic methods in the geometry of Banach spaces},
	volume = {1206},
	year = {1986}}

@inproceedings{burgisser2019towards,
	author = {B{\"u}rgisser, Peter and Franks, Cole and Garg, Ankit and Oliveira, Rafael and Walter, Michael and Wigderson, Avi},
	booktitle = {2019 IEEE 60th Annual Symposium on Foundations of Computer Science (FOCS)},
	organization = {IEEE},
	pages = {845--861},
	title = {Towards a theory of non-commutative optimization: geodesic 1st and 2nd order methods for moment maps and polytopes},
	year = {2019}}

@book{bhatia2009positive,
	author = {Bhatia, Rajendra},
	publisher = {Princeton university press},
	title = {Positive definite matrices},
	volume = {24},
	year = {2009}}

@article{vershynin2010introduction,
	author = {Vershynin, Roman},
	journal = {arXiv preprint arXiv:1011.3027},
	title = {Introduction to the non-asymptotic analysis of random matrices},
	year = {2010}}

@article{pisier2012grothendieck,
	author = {Pisier, Gilles},
	journal = {Bulletin of the American Mathematical Society},
	number = {2},
	pages = {237--323},
	title = {Grothendieck's theorem, past and present},
	volume = {49},
	year = {2012}}

@article{dutilleul1999mle,
	author = {Dutilleul, Pierre},
	journal = {Journal of Statistical Computation and Simulation},
	number = {2},
	pages = {105--123},
	publisher = {Taylor \& Francis},
	title = {The {MLE} algorithm for the matrix normal distribution},
	volume = {64},
	year = {1999}}

@article{werner2008estimation,
	author = {Werner, Karl and Jansson, Magnus and Stoica, Petre},
	journal = {IEEE Transactions on Signal Processing},
	number = {2},
	pages = {478--491},
	publisher = {IEEE},
	title = {On estimation of covariance matrices with {Kronecker} product structure},
	volume = {56},
	year = {2008}}

@article{tsiligkaridis2013convergence,
	author = {Tsiligkaridis, Theodoros and Hero, Alfred O III and Zhou, Shuheng},
	journal = {IEEE Transactions on Signal Processing},
	number = {7},
	pages = {1743--1755},
	publisher = {IEEE},
	title = {On convergence of {Kronecker} graphical lasso algorithms},
	volume = {61},
	year = {2013}}

@article{zhou2014gemini,
	author = {Zhou, Shuheng},
	journal = {The Annals of Statistics},
	number = {2},
	pages = {532--562},
	publisher = {Institute of Mathematical Statistics},
	title = {Gemini: {G}raph estimation with matrix variate normal instances},
	volume = {42},
	year = {2014}}

@article{allen2010transposable,
	author = {Allen, Genevera I and Tibshirani, Robert},
	journal = {The Annals of Applied Statistics},
	number = {2},
	pages = {764},
	publisher = {NIH Public Access},
	title = {Transposable regularized covariance models with an application to missing data imputation},
	volume = {4},
	year = {2010}}

@article{amendola2020invariant,
	author = {Am{\'e}ndola, Carlos and Kohn, Kathl{\'e}n and Reichenbach, Philipp and Seigal, Anna},
	journal = {arXiv preprint arXiv:2003.13662},
	title = {Invariant theory and scaling algorithms for maximum likelihood estimation},
	year = {2020}}

@article{derksen2020matrix,
	author = {Derksen, Harm and Makam, Visu},
	journal = {arXiv preprint arXiv:2007.10206},
	title = {Maximum likelihood estimation for matrix normal models via quiver representations},
	year = {2020}}

@article{derksen2020tensor,
	author = {Derksen, Harm and Makam, Visu and Walter, Michael},
	journal = {arXiv preprint arXiv:2011.03849},
	title = {Maximum likelihood estimation for tensor normal models via castling transforms},
	year = {2020}}

@inproceedings{burgisser2017alternating,
	address = {Dagstuhl, Germany},
	annote = {Keywords: alternating minimization, tensors, scaling, quantum marginal problem, null cone, invariant theory, geometric complexity theory},
	author = {Peter B{\"u}rgisser and Ankit Garg and Rafael Oliveira and Michael Walter and Avi Wigderson},
	booktitle = {9th Innovations in Theoretical Computer Science Conference (ITCS 2018)},
	doi = {10.4230/LIPIcs.ITCS.2018.24},
	editor = {Anna R. Karlin},
	isbn = {978-3-95977-060-6},
	issn = {1868-8969},
	pages = {24:1--24:20},
	publisher = {Schloss Dagstuhl--Leibniz-Zentrum fuer Informatik},
	series = {Leibniz International Proceedings in Informatics (LIPIcs)},
	title = {{Alternating Minimization, Scaling Algorithms, and the Null-Cone Problem from Invariant Theory}},
	url = {http://drops.dagstuhl.de/opus/volltexte/2018/8351},
	urn = {urn:nbn:de:0030-drops-83510},
	volume = {94},
	year = {2018},
	Bdsk-Url-1 = {http://drops.dagstuhl.de/opus/volltexte/2018/8351},
	Bdsk-Url-2 = {https://doi.org/10.4230/LIPIcs.ITCS.2018.24}}

@inproceedings{burgisser2018efficient,
	author = {B{\"u}rgisser, Peter and Franks, Cole and Garg, Ankit and Oliveira, Rafael and Walter, Michael and Wigderson, Avi},
	booktitle = {2018 IEEE 59th Annual Symposium on Foundations of Computer Science (FOCS)},
	organization = {IEEE},
	pages = {883--897},
	title = {Efficient algorithms for tensor scaling, quantum marginals, and moment polytopes},
	year = {2018}}

@article{gurvits2004classical,
	author = {Gurvits, Leonid},
	journal = {Journal of Computer and System Sciences},
	number = {3},
	pages = {448--484},
	publisher = {Elsevier},
	title = {Classical complexity and quantum entanglement},
	volume = {69},
	year = {2004}}

@article{manceur2013maximum,
	author = {Manceur, Ameur M and Dutilleul, Pierre},
	journal = {Journal of Computational and Applied Mathematics},
	pages = {37--49},
	publisher = {Elsevier},
	title = {Maximum likelihood estimation for the tensor normal distribution: {Algorithm}, minimum sample size, and empirical bias and dispersion},
	volume = {239},
	year = {2013}}

@article{mardia1993spatial,
	author = {Mardia, Kanti V and Goodall, Colin R},
	journal = {Multivariate environmental statistics},
	number = {76},
	pages = {347--385},
	publisher = {Elsevier Amsterdam},
	title = {Spatial-temporal analysis of multivariate environmental monitoring data},
	volume = {6},
	year = {1993}}

@inproceedings{barsov1987estimates,
	author = {Barsov, SS and Ul\'yanov, VV},
	booktitle = {Sov. Math., Dokl},
	pages = {462--466},
	title = {Estimates of the proximity of {Gaussian} measures},
	volume = {34},
	year = {1987}}

@article{sun2015nonconvex,
	author = {Sun, Wei and Wang, Zhaoran and Liu, Han and Cheng, Guang},
	journal = {Advances in Neural Information Processing Systems},
	pages = {1081--1089},
	title = {Non-convex statistical optimization for sparse tensor graphical model},
	volume = {28},
	year = {2015}}

@article{wiesel2012geodesic,
	author = {Wiesel, Ami},
	journal = {IEEE Transactions on Signal Processing},
	number = {12},
	pages = {6182--6189},
	publisher = {IEEE},
	title = {Geodesic convexity and covariance estimation},
	volume = {60},
	year = {2012}}
