
@ARTICLE{HsiehNIPS11,
	author = "C.-J. Hsieh and M. A. Sustik and I. S. Dhillon and P. Ravikumar",
	title  = "Sparse Inverse Covariance Matrix Estimation using Quadratic Approximation",
	year   = "2011",
	volume = "24",
	journal = "Advances in Neural Information Processing Systems"
}


@ARTICLE{AllenTib10,
	author = "G. I. Allen and R. Tibshirani",
	title  = "Transposable Regularized Covariance Models with an Application to Missing Data Imputation",
	year   = "2010",
	volume = "4",
	number = "2",
	pages  = "764-790",
	journal = "The Annals of Applied Statistics"
}

@ARTICLE{CLL11,
	author = "T. Cai and W. Liu and X. Luo",
	title  = "A constrained $\ell_1$ minimization approach to sparse precision matrix estimation",
	year   = "2011",
	volume = "106",
	number = "494",
	journal = "Journal of the American Statistical Association"
}

@ARTICLE{ZRXB11,
	author = "S. Zhou and P. Rutimann and M. Xu and P. Buhlmann",
	title  = "High-dimensional Covariance Estimation based on Gaussian Graphical Models",
	year   = "2011",
	month  = "October",
	pages  = "2975-3026",
	journal = "Journal of Machine Learning Research"
}

@ARTICLE{LaFa09,
	author = "Clifford Lam and Jianqing Fan",
	title  = "Sparsistency and rates of convergence in large covariance matrices estimation",
	year   = "2009", 
	volume = "37",
	pages  = "4254-4278",
	journal = "The Annals of Statistics"
}


@ARTICLE{MB06,
	author = "Nicolai Meinshausen and Peter Buhlmann",
	title  = "High dimensional graphs and variable selection with the {L}asso",
	year   = "2006", 
	volume = "34",
	pages  = "1436-1462",
	journal = "The Annals of Statistics"
}

@ARTICLE{RWRY08,
	author = "P. Ravikumar and M. Wainwright and G. Raskutti and B. Yu",
	title  = "High-dimensional covariance estimation by minimizing $\ell_1$-penalized log-determinant divergence",
	year   = "2008",
	journal = "Advances in Neural Information Processing Systems"
}

@ARTICLE{YL07,
	author = "M. Yuan and Y. Lin",
	title  = "Model selection and estimation in the gaussian graphical model.",
	year   = "2007", 
	journal = "Biometrika",	
	volume = "94",
	pages  = "19-35"
}

@article{ModelSel,
   author  = "O. Banerjee and L. El Ghaoui and A. d'Aspremont",
   title   = "Model Selection through Sparse Maximum Likelihood Estimation for Multivariate {G}aussian or Binary Data",  
   month   = "March",
   year    = "2008",
   journal = "Journal of Machine Learning Research",
   volume  = "9",
   pages   = "485-516",
}

@ARTICLE{YL07,
	author = "M. Yuan and Y. Lin",
	title  = "Model selection and estimation in the gaussian graphical model.",
	year   = "2007", 
	journal = "Biometrika",	
	volume = "94",
	pages  = "19-35"
}

@ARTICLE{TsiligkaridisTSP,
   author  = "T. Tsiligkaridis and Alfred Hero and Shuheng Zhou",
   title   = "Convergence Properties of Kronecker Graphical Lasso Algorithms", 
   month   = "April",
   year    = "2012",
   journal = "arXiv:submit/0448399"
}

@ARTICLE{Tyrtyshnikov04,
   author  = "E. Tyrtyshnikov",
   title   = "Kronecker-product approximations for some function-related matrices", 
   month   = "August",
   year    = "2004",
   journal = "Linear Algebra and its Applications"
}

@ARTICLE{BrycDembo96,
   author  = "W. Bryc and Ami Dembo",
   title   = "Large deviations and strong mixing", 
   year    = "1996",
   volume  = "32",
   journal = "Probabilites et Statistiques"
}


@INPROCEEDINGS{MIMOWerner,
    author = {Karl Werner and Magnus Jansson},
    title = {Estimation of Kronecker structured channel covariances using training data},
    booktitle = {Proceedings of EUSIPCO},
    year = {2007}
}

@BOOK{Lauritzen,
	author = "Steffen L. Lauritzen",
	title  = "Graphical Models",
	publisher = "Oxford University Press",
	year = "1996"
}

@BOOK{Keener,
	author = "Robert W. Keener",
	title  = "Theoretical Statistics: Topics for a core course",
	publisher = "Springer",
	year = "2010"
}


@article{KolmogorovRozanov,
   author  = "A. N. Kolmogorov and Yu. A. Rozanov",
   title   = "On strong mixing conditions for stationary gaussian processes",  
   year    = "1960",
   journal = "Theory of Probability and its Applications",
}

@article{ChenShao,
   author  = "Louis H. Y. Chen and Qi-Man Shao",
   title   = "Normal Approximation under Local Dependence",  
   year    = "2004",
   volume  = "32",
   journal = "The Annals of Probability",
}

@TECHREPORT{TsiligkaridisTechReport,
	author = "Theodoros Tsiligkaridis and Alfred O. Hero III",
	title  = "High Dimensional Covariance Estimation under Kronecker Product Structure",
	year   = "2011",
	institution = "Dept. of EECS, Univ. of Michigan, Ann Arbor, MI"
}


@misc{HajekNotes,
  author = "Bruce Hajek",
  institution = "University of Illinois at Urbana-Champaign",
  howpublished = "ECE 534 lecture notes, University of Illinois at Urbana-Champaign",
  year = "2009",
  title = "An Exploration of Random Processes for Engineers"
}


@BOOK{MVNDistr,
	author = "Kenneth S. Miller",
	title  = "Multivariate Distributions",
	publisher = "John Wiley \& Sons",
	year = "1975"
}


@BOOK{WeakMixing,
	author = "Lin Zhengyan and Lu Chuanrong",
	title  = "Limit Theory for Mixing Dependent Random Variables",
	publisher = "Science Press and Kluwer Academic Publishers",
	year = "1996"
}


@BOOK{VanTrees,
	author = "Harry L. Van Trees",
	title  = "Detection, Estimation and Modulation Theory: Part I",
	publisher = "John Wiley \& Sons",
	year = "2001"
}


@BOOK{EoIT,
	author = "Thomas M. Cover and Joy A. Thomas",
	title  = "Elements of Information Theory",
	publisher = "Wiley-Interscience",
	year = "2006",
	month = "July",
	edition = "2"
}

@BOOK{Billingsley,
	author = "Patrick Billingsley",
	title  = "Probability and Measure",
	publisher = "John Wiley \& Sons",
	year = "1995",
	edition = "3"
}

@BOOK{NonLinProg,
	author = "D. P. Bertsekas",
	title  = "Nonlinear Programming",
	publisher = "Athena-Scientific",
	year = "2004",
	edition = "2"
}

@BOOK{ConvexAnalysisOpt,
	author = "D. P. Bertsekas and Angelia Nedic and A. E. Ozdaglar",
	title  = "Convex Analysis and Optimization",
	publisher = "Athena-Scientific",
	year = "2003",
	edition = "1"
}


@BOOK{IntroRealAnalysis,
  author = "Robert G. Bartle and Donald R. Sherbert",
  publisher = "John Wiley \& Sons",
  title = "Introduction to Real Analysis",
  year =  "2000"
  edition = "3"
}


@BOOK{HornJohnson,
  author = "Roger A. Horn and Charles R. Johnson",
  publisher = "Cambridge University Press",
  title = "Matrix Analysis",
  year =  "1990"
  edition = "First"
}

@BOOK{Lauritzen,
	author = "Steffen L. Lauritzen",
	title  = "Graphical Models",
	publisher = "Oxford University Press US",
	year = "1996",
	edition = "First"
}

@TECHREPORT{LimMemBun,
	author = "Napsu Karmitsa and Marko M. Makela and Montaz M. Ali",
	title  = "Limited Memory Bundle Algorithm for Inequality Constrained Nondifferentiable Optimization",
	year   = "2007",
	institution = "Dept. of Mathematical Information Technology, Univ. of Jyvaskyla, Finland"
}

@TECHREPORT{LuZimmerman2,
   author  = "N. Lu and D. Zimmerman",
   title   = "On likelihood-based inference for a separable covariance matrix",
   year    = "2004",
   institution  = "Statistics and Actuarial Science Dept., Univ. of Iowa, Iowa City, IA"
}	

@BOOK{Zangwill,
	author = "Willard I. Zangwill",
	title  = "Nonlinear Programming: A unified approach",
	publisher = "Prentice-Hall",
	year = "1969",
	edition = "First"
}


@article{KreinMilman,
  author =       "C. Webster and S. Winkler",
  title =        "The Krein-Milman theorem in operator convexity",
  journal =      "Transactions of the American Mathematical Society",
  year =         "1999",
  month =        "January",
  volume =    "351",
  number =    "1",
  pages =     "307--322"
}

@article{Glasso,
  author =       "J. Friedman and T. Hastie and R. Tibshirani",
  title =        "Sparse inverse covariance estimation with the graphical lasso",
  journal =      "Biostatistics",
  year =         "2008",
  volume =    "9",
  number =    "3",
  pages =     "432--441"
}

@BOOK{ConvexOpt,
   author    = "S. Boyd and L. Vandenberghe",
   title     = "Convex Optimization",
   publisher = "Cambridge University Press",
   year      = "2004"
}

@ARTICLE{Isserlis,
author = "L. Isserlis",
title = "On a Formula for the Product-Moment Coefficient of any Order of a Normal Frequency Distribution in any Number of Variables",
journal = "Biometrika",
volume = "12",
year = "1918",
doi = "10.2307/2331932",
masid = "16404443"
}

@ARTICLE{EstCovMatKron,
   author  = "K. Werner and M. Jansson and P. Stoica",
   title   = "On estimation of covariance matrices with {K}ronecker product structure",  
   month   = "February",
   year    = "2008",
   journal = "IEEE Transactions on Signal Processing",
   volume  = "56",
   number  = "2"
}

@ARTICLE{LuZimmerman,
   author  = "N. Lu and D. Zimmerman",
   title   = "The likelihood ratio test for a separable covariance matrix",
   month   = "May",
   year    = "2005",
   journal = "Statistics and Probability Letters",
   volume  = "73",
   number  = "5",
   pages   = "449--457"
}

@INPROCEEDINGS{ApproxKron,
    author = {Charles Van Loan and Nikos Pitsianis},
    title = {Approximation with Kronecker Products},
    booktitle = {Linear Algebra for Large Scale and Real Time Applications},
    year = {1993},
    pages = {293--314},
    publisher = {Kluwer Publications}
}

@BOOK{AppNonLinAnalysis,
	author = "Jean-Pierre Aubin and Ivar Ekeland",
	title = "Applied Nonlinear Analysis",
	publisher = "John Wiley \& Sons",
	year = "1984"
}

@ARTICLE{TraceProductBound,
	author = "W. Xing and Q. Zhang and Q. Wang",
	title  = "A Trace Bound for a General Square Matrix Product",
	journal = "IEEE Transactions on Automatic Control",
	volume = "45",
	number = "8",
	month  = "August",
	year   = "2000"
}

@BOOK{VariationalAnalysis,
	author = "R. T. Rockafellar and R. J-B. Wets",
	title  = "Variational Analysis",
	publisher = "Springer",
	year = "1998"
}

@ARTICLE{Rothman,
   author  = "A. Rothman and P. Bickel and E. Levina and J. Zhu",
   title   = "Sparse permutation invariant covariance estimation", 
   year    = "2008",
   journal = "Electronic Journal of Statistics",
   volume  = "2",
   pages   = "494--515"
}

@unpublished{NotesKronecker,
	author = "M. Bengtsson and P. Zetterberg",
	title  = "Some Notes on the Kronecker Model",
	month  = "April",
	year   = "2006",
	journal = "EURASIP J. Wireless Commun. Netw.",
	note   = "submitted for publication"
}

@article{MardiaGoodall,
	author = "Kanti V. Mardia and Colin R. Goodall",
	title = "Spatial-temporal analysis of multivariate environmental monitoring data",
	journal = "Multivariate Environmental Statistics",
	year = "1993",
	volume = "6",
	pages = "347--385",
}

@article{Dutilleul,
	author = "P. Dutilleul",
	title = "The MLE Algorithm for the matrix normal distribution",
	journal = "Journal of Statistical Computation and Simulation",
	year = "1999",
	pages = "105-123",
	Volume = "64"
}

@article{BrownKenwardBassett,
	author = "P. J. Brown and M.G. Kenward and E. E. Bassett",
	title = "Bayesian Discrimation with longitudinal data",
	journal = "Biostatistics",
	year = "2001",
	pages = "417-432",
	volume = "2"
}



@article{TimeVaryingGraphs,
	author = "S. Zhou and J. Lafferty and L. Wasserman",
	title  = "Time varying undirected graphs",
	journal = "Journal of Machine Learning Research",
	year  = "2010",
	volume = "80",
	pages = "295-319"
}


@ARTICLE{OntheLassoandDual,
    author = {Michael R. Osborne and Brett Presnell and Berwin A. Turlach},
    title = {On the LASSO and Its Dual},
    journal = {Journal of Computational and Graphical Statistics},
    year = {1999},
    volume = {9},
    pages = {319--337}
}



